<?xml version="1.0" encoding="UTF-8"?><collection xmlns="http://www.loc.gov/MARC21/slim"><record><leader>00381nam--2200133-i-4500</leader><controlfield tag="001">000020590</controlfield><controlfield tag="002">20161230</controlfield><controlfield tag="005">20161230201033</controlfield><controlfield tag="008">060222s1000------------r-----000-0-eng-d</controlfield><datafield ind1=" " ind2=" " tag="080"><subfield code="a">539.234(043)</subfield></datafield><datafield ind1=" " ind2=" " tag="100"><subfield code="a">Andreea Dinca</subfield></datafield><datafield ind1=" " ind2=" " tag="245"><subfield code="a">Componente optice cu proprietati distribuite realizate prin depunere in vid. rezumatul tezei</subfield></datafield><datafield ind1=" " ind2=" " tag="260"><subfield code="a">Bucuresti, Ifa, 1996 32 P</subfield></datafield><datafield ind1=" " ind2=" " tag="852"><subfield code="a">80530</subfield></datafield></record></collection>